@manual
{anleitung,author = "TU Dortmund",title = "Versuchsanleitung zu Versuch Nr. 354 Ged√§mpfte und erzwungene Schwingungen",year = 2015,}
